@ARTICLE
{
	XXX,
	author="placeholder",
    title="placeholder",
    year="2000"
}

@MISC
{
	TIMSS,
    author="Sam Bowen. American Physical Society.",
    title={{TIMSS - An Analysis of the International High School Physics Test}},
	howpublished = {\\ \url{http://www.aps.org}},
    month="August",
	year="1998",
    note={Accessed 2015-10-12}
}

@MISC
{
	smartPhysics,
    author={{Gary Gladding, Mats Selen, and Tim Stelzer}},
    title={{smartPhysics: Checkpoint sample}},
    howpublished = {\\ \url{https://www.smartphysics.com}},
    month="January",
    year="2015",
    note={Accessed 2015-10-12}
}

@MISC
{
	WebAssign,
    author="Cengage Learning",
    title={{Discover: Enhanced WebAssign}},
    howpublished={\\ \url{http://sites.cengage.com}},
    month="August",
    year="2014",
    note={Accessed 2015-10-12}
}

@MISC
{
	PhET,
    author={{Kathy Perkins, Carl Wiemann, et al. UC Boulder}},
    title={{PhET Projectile Motion}},
    howpublished={\\ \url{https://phet.colorado.edu}},
    month="May",
    year="2011",
    note={Accessed 2015-10-12}
}

@ARTICLE
{
	Brelsford,
    author="John W. Brelsford. Rice University.",
    title={{Physics Education in a Virtual Environment}},
    journal={\\ Proceedings of the Human Factors and Ergonomics Society Annual Meeting},
    volume="37",
    issue="18",
    pages="1286-1290",
    month="October",
    year="1993"
}

@MISC
{
	CreativePhysics,
    author="Stewart Software",
    title={{Purchase Creative Physics \textregistered}},
    howpublished={\\ \url{https://www.creativephysics.net}},
    note={Accessed 2015-10-12}
}